% !TEX root = thesis.tex

@mastersthesis{kuosmanen,
  author    = {Päivi Kuosmanen},
  title     = {Product authenticity and traceability technologies and the development of photoluminescence based surface marker technology basics},
  year      = {2013},
  school    = {Department of Chemistry, Aalto University School of Chemical Technology, Espoo, Finland}
}

@misc{inksure,
  author = {{InkSure Technologies}},
  title = {Anticounterfeiting Product Line},
  note = {\url{http://www.inksure.com/anticounterfeiting-solutions}. Accessed 08.10.2014.}
}

@misc{alpvision,
  author = {{AlpVision}},
  title = {{Cryptglyph\textregistered}},
  note = {\url{http://www.alpvision.com/cryptoglyph-covert-marking.html}. Accessed 08.10.2014.}
}

@misc{frost-sullivan,
  author = {{Frost \& Sullivan Report}},
  title = {{NFC: When will be the Real Start?}},
  year = 2011,
  note = {\url{http://www.frost.com/sublib/display-report.do?bdata=bnVsbEB%2BQEJhY2tAfkAxMzYyMDY1OTA5Mjk2&id=9843-00-13-00-00}. Accessed 09.10.2014.}
}

@misc{luminescence_basics,
  author = {Michael W. Davidson},
  year = 2009,
  title = {Basic Concepts in Fluorescence},
  note = {\url{http://micro.magnet.fsu.edu/primer/techniques/fluorescence/fluorescenceintro.html}. Accessed 16.10.2014.}
}

@article{hemmila,
  author    = {I. A. Hemmilä},
  title     = {Fluoroimmunoassays and immunofluorometric assays},
  journal   = {Clinical Chemistry},
  volume    = 31,
  number    = 3,
  year      = 1985,
  pages     = {359--370}
}

@article{CEJ,
  author    = {Ana Luiza P. Nery, Rodrigo M. Liegel, Carmen Fernandez},
  title     = {{Fluorescence and Chemiluminescence:
Teaching Basic Principles by Simple Demonstration Experiments}},
  journal   = {Chemical Education Journal (CEJ)},
  volume    = 13,
  number    = 2,
  year      = 2010,
  pages     = {13--22}
}

@article{photoluminescence_use_case_1,
  author    = {Patrick L. Feng, John J. Perry, Stefan Nikodemski},
  title     = {Previous Article Next Article Table of Contents
Assessing the Purity of Metal--Organic Frameworks Using Photoluminescence: MOF-5, ZnO Quantum Dots, and Framework Decomposition},
  journal   = {American Chemical Society},
  volume    = 132,
  number    = 44,
  year      = 2010,
  pages     = {15487–-89}
}

@article{photoluminescence_use_case_2,
  author    = {Ismail Mekkaoui Alaoui},
  title     = {Applications of Luminescence to Fingerprints and Trace Explosives Detection},
  journal   = {NATO Science for Peace and Security Series B: Physics and Biophysics},
  year      = 2009,
  pages     = {189--196}
}

@article{photoluminescence_use_case_3,
  author    = {XL Wu, SJ Xiong, J Zhu},
  title     = {Identification of surface structures on 3C-SiC nanocrystals with hydrogen and hydroxyl bonding by photoluminescence},
  journal   = {Nano Letters},
  volume    = 9,
  number    = 12,
  year      = 2009,
  pages     = {4053--4060}
}

@misc{iec,
  author =   {Michael Stokes, Matthew Anderson, Srinivasan Chandrasekar, Ricardo Motta},
  title =  {{IEC 61966-2-1:1999: A Standard Default Color Space for the Internet - sRGB}},
  insitution =   {{IEC}},
  year =   1996,
  month =  {Nov}
}

@book{svaetichin,
    author    = {Gunnar Svaetichin},
    title     = {Spectral Response Curves from Single Cones},
    year      = 1956,
    publisher = {Acta Physiologica Scandinavica}
}

@article{cie,
  author    = {Thomas Smith, John Guild},
  title     = {The {C.I.E.} colorimetric standards and their use},
  journal   = {Transactions of the Optical Society},
  volume    = 33,
  number    = 3,
  year      = 1931,
  pages     = {73-134},
  doi       = {10.1088/1475-4878/33/3/301},
  url       = {http://dx.doi.org/10.1088/1475-4878/33/3/301}
}

@online{rgb_cube,
 author  = {{Wikimedia Commons}},
 title   = {{The RGB color model mapped to a cube}},
 year    = {2010},
 note    = {\url{http://commons.wikimedia.org/wiki/File:RGB_Cube_Show_lowgamma_cutout_a.png}. Accessed 12.02.2015.}
}

@online{hsv_cylinder,
 author  = {{Wikimedia Commons}},
 title   = {{The HSV color model mapped to a cylinder}},
 year    = {2010},
 note    = {\url{http://commons.wikimedia.org/wiki/File:HSV_color_solid_cylinder_alpha_lowgamma.png}. Accessed 12.02.2015.}
}

@article{color_segmentation,
  author    = {H.D. Cheng, X.H. Jiang, Y. Sun, Jingli Wang},
  title     = {Color image segmentation: advances and prospects},
  journal   = {Pattern Recognition},
  volume    = 34,
  number    = 12,
  year      = 2001,
  pages     = {2259-2281},
  doi       = {10.1016/S0031-3203(00)00149-7},
  url       = {http://dx.doi.org/10.1016/S0031-3203(00)00149-7}
}

% Samples
@misc{EC96,
  author =	 {{European Commission}},
  title =	 {Strategic Developments for the European Publishing
                  Industry towards the Year 2000 - Europe's Multimedia
                  Challenge},
  year =	 1996
}


@misc{ipdcforum_def,
  title =	 {About {IP} Datacasting - Overview},
  author =	 {{IPDC} Forum},
  year =     {2004},
  note =	 {{WWW} page of the IPDC Forum:
                  \url{http://www.bmcoforum.org/index.php?id=6}. Accessed
                   18 Feb 2004.}
}

@misc{RFC3550,
  author =	 {H. Schulzrinne and S. Casner and R. Frederic and
                  V. Jacobson},
  title =	 {{RFC} 3550: {RTP}: A Transport Protocol for Real-Time
                  Applications},
  insitution =	 {{IETF}},
  year =	 2003,
  month =	 {Jul},
  note =	 {Status: DRAFT STANDARD}
}

@techreport{IDReqNom03,
  author =	 {Y. Nomura and R. Walsh and J. Ott and
                  H. Schulzrinne},
  title =	 {Protocol Requirements for Internet Media Guides},
  institution =	 {{IETF}},
  year =	 {2003},
  type =	 {Internet Draft},
  month =	 {Dec},
  note =	 {Work in progress. Expires June, 2004},
  description =	 {Now (Oct 2003) it seems as if the Electronic Service
                  Guide ESG used in IP Datacasting will be based on
                  IMG},
  abstract =	 {This memo specifies requirements for a protocol for
                  accessing and updating Internet Media Guide (IMG)
                  information for media-on-demand and multicast
                  applications. These requirements are designed to
                  guide development of an IMG protocol for efficient
                  and scalable delivery.},
  url =           {http://www.ietf.org/internet-drafts/draft-ietf-mmusic-img-req-02.txt}
}

@techreport{FerryProblem,
  author =	 {Mika Göös and Tuukka Haapasalo and Leo Moisio},
  title =	 {Finding Hard Instances of the Ferry Problem},
  institution =	{Aalto {SCI}},
  year =	 {2010},
  type =	 {Course Report for the course {T-79.5203/S-72.2420} {G}raph Theory}
}

@phdthesis{HaapasaloThesis,
  author    = {Tuukka Haapasalo},
  title     = {Accessing Multiversion Data in Database Transactions},
  year      = {2010},
  school    = {Department of Computer Science and Engineering, Aalto University School of Science and Technology, Espoo, Finland},
  note      = {\url{http://lib.tkk.fi/Diss/2010/isbn9789526033600/}}
}

@misc{ThesisInstructions,
  author =   {{Aalto-yliopisto, Degree programme of Computer Science and Engineering}},
  title =    {Instruction pages: Diplomityö},
  year =     {2010},
  note =     {\url{http://information.tkk.fi/fi/opinnot/tietotekniikka/diplomityo/} (in Finnish),
              \url{http://information.tkk.fi/en/studies/cse/thesis/} (in English). Accessed 9.2.2011}
}

@misc{ThesisGrading,
  author =	 {{Aalto University, Helsinki University of Technology, Committee on Academic Affairs}},
  title =	 {Guidelines for Master's Thesis Evaluation},
  month =	 {December 4},
  year =	 2008,
  note =          {\url{http://www.tkk.fi/fi/opinnot/opintohallinto/paatokset/guidelinemastersthesisevaluation.pdf}
                  (in English), \url{http://www.tkk.fi/fi/opinnot/opintohallinto/paatokset/diplomityoarviointiohje.pdf}
                  (in Finnish).}
}

@misc{TeXLive,
  author =   {{TeX Users Group}},
  title =    {{TeX Live}},
  year =     {2010},
  note =     {\url{http://www.tug.org/texlive/}. Accessed 25.2.2011.}
}

@misc{MiKTeX,
  author =   {{Christian Schenk}},
  title =    {{MiKTeX}},
  year =     {2010},
  note =     {\url{http://miktex.org/}. Accessed 25.2.2011.}
}


@misc{TeXlipse,
  author =   {Taavi Hupponen and Kimmo Karlsson and Jani Laitinen and Oskar Ojala and Antti Pirinen and Esa Seuranen and Laura Takkinen and von Loesch, Boris and Vestbø, Tor Arne},
  title =    {{TeXlipse plugin for {E}clipse}},
  year =     {2010},
  note =     {\url{http://texlipse.sourceforge.net/}. Accessed 25.2.2011.}
}

@misc{Eclipse,
  author =   {{The Eclipse Foundation}},
  title =    {{Eclipse}},
  year =     {2011},
  note =     {\url{http://eclipse.org/}. Accessed 25.2.2011.}
}



@Misc{bibinstructions,
  author =	 {{Aalto University Library}},
  title =	 {Making a bibliography},
  howpublished = {webpage},
  month =	 {March 2},
  year =	 2011,
  note =     {\url{http://otalib.aalto.fi/en/instructions/guides/citations/bibliography/}. Accessed
                  4.2.2011},
  annote =	 {Introduction how to make bibliography either with
                  Harvard or Vancouver style}
}

@Misc{howfindinfo,
  author =	 {{Aalto University Library}},
  howpublished = {webpage},
  month =	 {March 2},
  year =	 2011,
  note =	 {How to find - brief guide to finding
                  publications and information. Accessed 4.3.2011},
  annote =	 {Introduction where in the library systems different
                  kind of publications are stored}
}


% Transactional multiversion B-tree
@inproceedings{haapasalo:2009:tmvbt,
  author    = {Tuukka Haapasalo and Ibrahim Jaluta and Bernhard Seeger and Seppo Sippu and Eljas Soisalon-Soininen},
  title     = {Transactions on the multiversion {B$^+$}-tree},
  year      = {2009},
  booktitle = {Proceedings of the 12th Conference in Extending Database Technology},
  pages     = {1064--1075}
}
